<?xml version="1.0" encoding="UTF-8" ?>
<collection xmlns:xsi="http://www.w3.org/2001/XMLSchema-instance"
    xsi:schemaLocation="http://www.loc.gov/MARC21/slim
        http://www.loc.gov/standards/marcxml/schema/MARC21slim.xsd"
    xmlns="http://www.loc.gov/MARC21/slim">
<record>
  <leader>00272cam a2200529 i 4500</leader>
  <controlfield tag="001">b12567577</controlfield>
  <controlfield tag="003">LeBAU</controlfield>
  <controlfield tag="005">20190103</controlfield>
  <controlfield tag="008">970808s1924    ua            ||0 f ara d</controlfield>
  <datafield tag="035" ind1=" " ind2=" ">
    <subfield code="a">ocn784408350</subfield>
  </datafield>
  <datafield tag="040" ind1=" " ind2=" ">
    <subfield code="a">LEAUB</subfield>
    <subfield code="b">ara</subfield>
    <subfield code="e">rda</subfield>
    <subfield code="c">LEAUB</subfield>
    <subfield code="d">LEAUB</subfield>
  </datafield>
  <datafield tag="082" ind1="0" ind2="4">
    <subfield code="a">892.78</subfield>
    <subfield code="2">22</subfield>
  </datafield>
  <datafield tag="100" ind1="1" ind2=" ">
    <subfield code="6">880-01</subfield>
    <subfield code="a">Ḥaddād, Niqūlā,</subfield>
    <subfield code="e">author.</subfield>
  </datafield>
  <datafield tag="245" ind1="1" ind2="0">
    <subfield code="6">880-02</subfield>
    <subfield code="a">Riwāyat Jamʻīyāt Ikhwān al-ʻAhd /</subfield>
    <subfield code="c">taʼlīf Niqūlā al-Ḥaddād.</subfield>
  </datafield>
  <datafield tag="246" ind1="3" ind2="0">
    <subfield code="6">880-03</subfield>
    <subfield code="a">Jamʻīyāt Ikhwān al-ʻAhd</subfield>
  </datafield>
  <datafield tag="264" ind1=" " ind2="1">
    <subfield code="6">880-04</subfield>
    <subfield code="a">al-Qāhirah, Miṣr :</subfield>
    <subfield code="b">Maṭbaʻat Yūsuf Kawwá,</subfield>
    <subfield code="c">1924.</subfield>
  </datafield>
  <datafield tag="300" ind1=" " ind2=" ">
    <subfield code="6">880-05</subfield>
    <subfield code="a">150 pages ;</subfield>
    <subfield code="c">24 cm.</subfield>
  </datafield>
  <datafield tag="336" ind1=" " ind2=" ">
    <subfield code="a">text</subfield>
    <subfield code="b">txt</subfield>
    <subfield code="2">rdacontent</subfield>
  </datafield>
  <datafield tag="337" ind1=" " ind2=" ">
    <subfield code="a">unmediated</subfield>
    <subfield code="b">n</subfield>
    <subfield code="2">rdamedia</subfield>
  </datafield>
  <datafield tag="338" ind1=" " ind2=" ">
    <subfield code="a">volume</subfield>
    <subfield code="b">nc</subfield>
    <subfield code="2">rdacarrier</subfield>
  </datafield>
  <datafield tag="490" ind1="1" ind2=" ">
    <subfield code="6">880-06</subfield>
    <subfield code="a">Silsilat riwāyāt fī mawḍūʻ asrār al-nahḍah aw-ittiḥād al-umam al-ʻArabīyah ;</subfield>
    <subfield code="v">al-ḥalaqah al-thānīyah</subfield>
  </datafield>
  <datafield tag="500" ind1=" " ind2=" ">
    <subfield code="a">"نشرت تباعاً في مجلة السيدات والرجال في سنتها الخامسة."</subfield>
  </datafield>
  <datafield tag="520" ind1="3" ind2=" ">
    <subfield code="a">"تبحث في إنشقاق العرب عن الترك إستعداداً لتكوين الإتحاد العربي العام وتأهباً لإنشاء دولة عربية عظمى في المستقبل؛ دارت حوادثها الرئيسية في دمشق لعهد جمال باشا السفاح. وتمثل فيها زعماء العرب من كل ناحية متهمين بمؤامرة. وفيما كان جمال يضطهدهم ويحاكمهم كان يساومهم على تولي زعامة ثورتهم."</subfield>
  </datafield>
  <datafield tag="610" ind1="2" ind2="4">
    <subfield code="a">جمعية إخوان العهد</subfield>
    <subfield code="v">قصة.</subfield>
  </datafield>
  <datafield tag="610" ind1="2" ind2="0">
    <subfield code="a">Jamʻīyat Ikhwān al-ʻAhd</subfield>
    <subfield code="v">Fiction.</subfield>
  </datafield>
  <datafield tag="650" ind1=" " ind2="4">
    <subfield code="a">العرب</subfield>
    <subfield code="x">تاريخ</subfield>
    <subfield code="v">قصة.</subfield>
  </datafield>
  <datafield tag="650" ind1=" " ind2="4">
    <subfield code="a">النهضة العربية</subfield>
    <subfield code="v">قصة.</subfield>
  </datafield>
  <datafield tag="650" ind1=" " ind2="0">
    <subfield code="a">Arabs</subfield>
    <subfield code="x">History</subfield>
    <subfield code="v">Fiction.</subfield>
  </datafield>
  <datafield tag="650" ind1=" " ind2="0">
    <subfield code="a">al-Nahḍah</subfield>
    <subfield code="v">Fiction.</subfield>
  </datafield>
  <datafield tag="651" ind1=" " ind2="4">
    <subfield code="a">تركيا</subfield>
    <subfield code="x">تاريخ</subfield>
    <subfield code="y">الإمبراطورية العثمانية، 1288-1918</subfield>
    <subfield code="v">قصة.</subfield>
  </datafield>
  <datafield tag="651" ind1=" " ind2="0">
    <subfield code="a">Turkey</subfield>
    <subfield code="x">History</subfield>
    <subfield code="y">Ottoman Empire, 1288-1918</subfield>
    <subfield code="v">Fiction.</subfield>
  </datafield>
  <datafield tag="655" ind1=" " ind2="4">
    <subfield code="a">روايات.</subfield>
  </datafield>
  <datafield tag="655" ind1=" " ind2="0">
    <subfield code="a">Novels.</subfield>
  </datafield>
  <datafield tag="830" ind1=" " ind2="0">
    <subfield code="6">880-07</subfield>
    <subfield code="a">Silsilat riwāyāt fī mawḍūʻ asrār al-nahḍah aw-ittiḥād al-umam al-ʻArabīyah ;</subfield>
    <subfield code="v">2.</subfield>
  </datafield>
  <datafield tag="852" ind1=" " ind2=" ">
    <subfield code="a">Jafet Library</subfield>
    <subfield code="e">American University of Beirut, Bliss Street, Beirut, Lebanon.‎</subfield>
  </datafield>
  <datafield tag="880" ind1="1" ind2=" ">
    <subfield code="6">100-01/(3/r</subfield>
    <subfield code="a">الحداد، نقولا،</subfield>
    <subfield code="e">مؤلف. </subfield>
    <subfield code="4">aut.</subfield>
  </datafield>
  <datafield tag="880" ind1="1" ind2="0">
    <subfield code="6">245-02/(3/r</subfield>
    <subfield code="a">رواية جمعية إخوان العهد /</subfield>
    <subfield code="c">تأليف نقولا الحداد.</subfield>
  </datafield>
  <datafield tag="880" ind1="3" ind2="0">
    <subfield code="6">246-03/(3/r</subfield>
    <subfield code="a">جمعية إخوان العهد</subfield>
  </datafield>
  <datafield tag="880" ind1=" " ind2="1">
    <subfield code="6">264-04/(3/r</subfield>
    <subfield code="a">القاهرة، مصر :</subfield>
    <subfield code="b">مطبعة يوسف كوى،</subfield>
    <subfield code="c">1924.</subfield>
  </datafield>
  <datafield tag="880" ind1=" " ind2=" ">
    <subfield code="6">300-05/(3/r</subfield>
    <subfield code="a">150 صفحة ؛</subfield>
    <subfield code="c">24 سم.</subfield>
  </datafield>
  <datafield tag="880" ind1="1" ind2=" ">
    <subfield code="6">490-06/(3/r</subfield>
    <subfield code="a">سلسلة روايات في موضوع أسرار النهضة أو إتحاد الأمم العربية ؛</subfield>
    <subfield code="v">الحلقة الثانية</subfield>
  </datafield>
  <datafield tag="880" ind1=" " ind2="0">
    <subfield code="6">830-07/(3/r</subfield>
    <subfield code="a">سلسلة روايات في موضوع أسرار النهضة أو إتحاد الأمم العربية ؛</subfield>
    <subfield code="v">2.</subfield>
  </datafield>
  <datafield tag="907" ind1=" " ind2=" ">
    <subfield code="a">.b12567577</subfield>
    <subfield code="b">19-01-22</subfield>
    <subfield code="c">11-05-24</subfield>
  </datafield>
  <datafield tag="907" ind1=" " ind2=" ">
    <subfield code="a">.b12567577</subfield>
    <subfield code="b">11-10-11</subfield>
    <subfield code="c">11-05-24</subfield>
  </datafield>
  <datafield tag="945" ind1=" " ind2=" ">
    <subfield code="f">J</subfield>
    <subfield code="a">892.78:Ha2818jA:c.2</subfield>
    <subfield code="i">01037755</subfield>
    <subfield code="j">.i13077272</subfield>
    <subfield code="l">u0503</subfield>
  </datafield>
  <datafield tag="945" ind1=" " ind2=" ">
    <subfield code="f">J</subfield>
    <subfield code="a">892.78:Ha2818jA:c.1</subfield>
    <subfield code="i">00469996</subfield>
    <subfield code="j">.i13077284</subfield>
    <subfield code="l">u0503</subfield>
  </datafield>
  <datafield tag="998" ind1=" " ind2=" ">
    <subfield code="a">u05</subfield>
    <subfield code="b">97-08-08</subfield>
    <subfield code="c">m</subfield>
    <subfield code="d">a  </subfield>
    <subfield code="e">-</subfield>
    <subfield code="f">ara</subfield>
    <subfield code="g">ua </subfield>
    <subfield code="h">0</subfield>
    <subfield code="i">2</subfield>
  </datafield>
</record>
</collection>
